
 @article{cite:28,
  author = {K. Wu and B. Zheng and D. Bhabha},
  title = {Associative, Co-Additive, Left-Countable Domains of {M}axwell Probability Spaces and Questions of Reversibility},
  journal = {{C}ambodian {M}athematical {T}ransactions},
  month = apr,
  year = 1991,
  volume = 3,
  pages = {78--89}}



 @article{cite:3,
  author = {Raspberry Pi Foundation},
  title = {Raspbian},
  journal = {\href{https://www.raspbian.org/}},
  month = dec,
  year = 2005,
  volume = 8,
  pages = {52--65}
  }
  
   @article{cite:4,
  https://nodejs.org/en/
  }
  
  https://nodered.org
  
  relační model databaze
  REST API
  
  
   STM32: Nucleo-64 boards- User Manual [online]. [cite May 2018],
http://www.st.com/content/ccc/resource/technical/document/user_ma
nual/98/2e/fa/4b/e0/82/43/b7/DM00105823.pdf/files/DM00105823.pdf
/jcr:content/translations/en.DM00105823.pdf.


https://www.semtech.com/products
